<record><leader>00000cas a22000007a 4500</leader><controlfield tag="001">34175364</controlfield><controlfield tag="008">960212d19081909okuwr n       0    0eng d</controlfield><datafield ind1=" " ind2=" " tag="010"><subfield code="a">sn 95076498 </subfield></datafield><datafield ind1=" " ind2=" " tag="040"><subfield code="a">OBN</subfield><subfield code="b">eng</subfield><subfield code="c">OBN</subfield><subfield code="d">OCLCQ</subfield><subfield code="d">OCLCF</subfield><subfield code="d">OCLCO</subfield></datafield><datafield ind1="1" ind2=" " tag="029"><subfield code="a">AU@</subfield><subfield code="b">000025862161</subfield></datafield><datafield ind1=" " ind2=" " tag="042"><subfield code="a">msc</subfield></datafield><datafield ind1=" " ind2=" " tag="043"><subfield code="a">n-us-ok</subfield></datafield><datafield ind1="0" ind2="4" tag="245"><subfield code="a">The Sapulpa weekly democrat.</subfield></datafield><datafield ind1="3" ind2=" " tag="246"><subfield code="a">Sapulpa democrat</subfield></datafield><datafield ind1=" " ind2=" " tag="260"><subfield code="a">Sapulpa, Okla. :</subfield><subfield code="b">Johannes &amp; Dye</subfield></datafield><datafield ind1=" " ind2=" " tag="300"><subfield code="a">v.</subfield></datafield><datafield ind1=" " ind2=" " tag="310"><subfield code="a">Weekly</subfield></datafield><datafield ind1="0" ind2=" " tag="362"><subfield code="a">Vol. 7, no. 45 (Jan. 23, 1908)-</subfield></datafield><datafield ind1="1" ind2=" " tag="362"><subfield code="a">Ceased in 1909.</subfield></datafield><datafield ind1=" " ind2=" " tag="580"><subfield code="a">Daily ed: Sapulpa daily democrat.</subfield></datafield><datafield ind1=" " ind2="0" tag="651"><subfield code="a">Sapulpa (Okla.)</subfield><subfield code="v">Newspapers.</subfield></datafield><datafield ind1=" " ind2="0" tag="651"><subfield code="a">Creek County (Okla.)</subfield><subfield code="v">Newspapers.</subfield></datafield><datafield ind1=" " ind2="7" tag="655"><subfield code="a">Newspapers.</subfield><subfield code="2">fast</subfield><subfield code="0">(OCoLC)fst01423814</subfield></datafield><datafield ind1=" " ind2="7" tag="651"><subfield code="a">Oklahoma</subfield><subfield code="z">Creek County.</subfield><subfield code="2">fast</subfield><subfield code="0">(OCoLC)fst01221598</subfield></datafield><datafield ind1=" " ind2="7" tag="651"><subfield code="a">Oklahoma</subfield><subfield code="z">Sapulpa.</subfield><subfield code="2">fast</subfield><subfield code="0">(OCoLC)fst01220630</subfield></datafield><datafield ind1=" " ind2=" " tag="752"><subfield code="a">United States</subfield><subfield code="b">Oklahoma</subfield><subfield code="c">Creek</subfield><subfield code="d">Sapulpa.</subfield></datafield><datafield ind1="1" ind2=" " tag="775"><subfield code="t">Sapulpa daily democrat</subfield><subfield code="w">(DLC)sn 95076500</subfield></datafield><datafield ind1="0" ind2="0" tag="780"><subfield code="t">Sapulpa democrat</subfield><subfield code="w">(DLC)sn 95076497</subfield><subfield code="w">(OCoLC)34175142</subfield></datafield><datafield ind1="0" ind2="0" tag="785"><subfield code="t">Weekly edition of the Sapulpa daily democrat</subfield><subfield code="w">(DLC)sn 95076499</subfield><subfield code="w">(OCoLC)34176740</subfield></datafield></record>